<?xml version="1.0" encoding="UTF-8"?><collection xmlns="http://www.loc.gov/MARC21/slim"><record><leader>00332nam--2200121-i-4500</leader><controlfield tag="001">000025093</controlfield><controlfield tag="002">20161230</controlfield><controlfield tag="005">20161230201035</controlfield><controlfield tag="008">060222s1000------------r-----000-0-eng-d</controlfield><datafield ind1=" " ind2=" " tag="100"><subfield code="a">Chirnside, R.C., Still J.E</subfield></datafield><datafield ind1=" " ind2=" " tag="245"><subfield code="a">Temperature effects in flame photometry</subfield></datafield><datafield ind1=" " ind2=" " tag="260"><subfield code="a">Lisboa, Ramos, Afonso &amp; Moita, Lda, 1958. 14 P</subfield></datafield><datafield ind1=" " ind2=" " tag="852"><subfield code="a">6740</subfield></datafield></record></collection>